@article{Wang2018,
   author = {Jing Wang},
   doi = {10.1080/09585192.2016.1203346},
   issn = {14664399},
   issue = {9},
   journal = {International Journal of Human Resource Management},
   keywords = {Hours underemployment,internal hiring,part-time workers,turnover},
   month = {5},
   pages = {1565-1587},
   publisher = {Routledge},
   title = {Hours underemployment and employee turnover: the moderating role of human resource practices},
   volume = {29},
   year = {2018},
}

@article{Bell2013,
   author = {David N F Bell and David G Blanchflower},
   issue = {224},
   journal = {National Institute Economic Review},
   pages = {F8-F22},
   title = {Underemployment in the UK revisited},
   url = {https://www.jstor.org/stable/43575526},
   year = {2013},
}

@article{Feldman1996,
   author = {Daniel C Feldman},
   issue = {3},
   journal = {Journal of Management},
   pages = {385-407},
   title = {The Nature, Antecedents and Consequences of Underemployment},
   volume = {22},
   year = {1996},
}

@article{Rafferty2020,
   author = {Anthony Rafferty},
   doi = {10.1177/0950017019865692},
   issn = {14698722},
   issue = {2},
   journal = {Work, Employment and Society},
   keywords = {age discrimination,gender differences,inequality and discrimination,labour market,over-education,overqualification,racism,skill underutilization,under-skilling},
   month = {4},
   pages = {317-335},
   publisher = {SAGE Publications Ltd},
   title = {Skill Underutilization and Under-Skilling in Europe: The Role of Workplace Discrimination},
   volume = {34},
   year = {2020},
}

@article{Green2016,
   author = {Francis Green and Golo Henseke},
   doi = {10.1093/oxrep/grw024},
   issn = {14602121},
   issue = {4},
   journal = {Oxford Review of Economic Policy},
   keywords = {Higher education,Mismatch,Overeducation,Skills,Social returns,Wages},
   pages = {514-537},
   publisher = {Oxford University Press},
   title = {Should governments of OECD countries worry about graduate underemployment?},
   volume = {32},
   year = {2016},
}


@article{Clogg1986,
   author = {Clifford C Clogg and Teresa A Sullivan and Jan E Mutchler},
   issue = {4},
   journal = {Social Indicators Research},
   pages = {375-393},
   title = {Measuring Underemployment and Inequality in the Work Force},
   volume = {18},
   year = {1986},
}


@article{Frances2011,
   author = {Frances M. McKee-Ryan and Jaron Harvey},
   doi = {10.1177/0149206311398134},
   issn = {01492063},
   issue = {4},
   journal = {Journal of Management},
   keywords = {perceived overqualification,underemployment},
   month = {7},
   pages = {962-996},
   title = {"I have a job, but. . .": A review of underemployment},
   volume = {37},
   year = {2011},
}

@article{Nightingale2019,
   author = {Madeline Nightingale},
   doi = {10.1177/0950017018796471},
   issue = {1},
   journal = {Work, Employment and Society},
   pages = {131-148},
   title = {Looking beyond average earnings: why are male and female part-time employees in the UK more likely to be low paid than their full-time counterparts?},
   volume = {33},
   year = {2019},
}

@proceedings{Warren2015,
	author	= {Tracey Warren and Clare Lyonette},
	year	= {2015},
	editor	= {A. Felstead, D. Gallie, and F. Green},
	booktitle	= {Unequal Britain at Work},
	title	= {The quality of part-time work},
	pages	= {62-82},
	publisher = {Oxford University Press},
	address = {Oxford},
}

@article{Warren2018,
   author = {Tracey Warren and Clare Lyonette},
   doi = {10.1177/0950017018796471},
   issue = {4},
   journal = {Work, Employment and Society},
   pages = {747–767},
   title = {Good, bad and very bad part-time jobs for women?},
   volume = {32},
   year = {2018},
}

@techreport{ILO2013,
    author    = {ILO},
    title     = {Report II of the 19th International Conference of Labour Statisticians},
    institution = {International Labour Organisation},
    address  = {Geneva},
    year      = {2013},
    url = {https://www.ilo.org/wcmsp5/groups/public/---dgreports/---stat/documents/publication/wcms_220535.pdf},
}

@techreport{ILO2013b,
    author    = {ILO},
    title     = {In search of good quality part-time employment},
    institution = {International Labour Organisation},
    address  = {Geneva},
    year      = {2013},
    number   = {3},
    note   = {Conditions of work and employment series},
    url = {https://www.ilo.org/wcmsp5/groups/public/@ed_protect/@protrav/@travail/documents/publication/wcms_237781.pdf},
}

@techreport{ILO2014,
    author    = {ILO},
    title     = {Skills mismatch in Europe: Statistics brief.},
    institution = {International Labour Organisation},
    address  = {Geneva},
    year      = {2014},
    url = {https://www.ilo.org/wcmsp5/groups/public/---dgreports/---stat/documents/publication/wcms_315623.pdf},
}

@techreport{ONS2022,
    author    = {ONS},
    title     = {Alternative measures of underutilisation in the UK labour market},
    institution = {Office for National Statistics},
    address  = {London},
    year      = {2022},
    url = {https://www.ons.gov.uk/employmentandlabourmarket/peoplenotinwork/unemployment/articles/alternativemeasuresofunderutilisationintheuklabourmarket/2022-09-05},
}

@techreport{ONS2023,
    author    = {ONS},
    title     = {Labour Force Survey – user guidance},
    institution = {Office for National Statistics},
    address  = {London},
    year      = {2023},
    url = {https://www.ons.gov.uk/employmentandlabourmarket/peopleinwork/employmentandemployeetypes/methodologies/labourforcesurveyuserguidance},
}

@techreport{ONS2022b,
    author    = {ONS},
    title     = {User Guide VOLUME 4a – Updates to the LFS Education Derived Variables 2022},
    institution = {Office for National Statistics},
    address  = {London},
    year      = {2022},
    url = {https://www.ons.gov.uk/file?uri=/employmentandlabourmarket/peopleinwork/employmentandemployeetypes/methodologies/labourforcesurveyuserguidance/lfsugvol4aeducationsupplement2022.pdf},
}

@electronic{GOVND,
    author    = {UK Government},
    title     = {Part-time workers' rights},
    year      = {n.d.},
    url = {https://www.gov.uk/part-time-worker-rights},
}